@inproceedings{zang-etal-2019-automated,
    title = "Automated Chess Commentator Powered by Neural Chess Engine",
    author = "Zang, Hongyu  and
      Yu, Zhiwei  and
      Wan, Xiaojun",
    booktitle = "Proceedings of the 57th Annual Meeting of the Association for Computational Linguistics",
	month = jul,
    year = "2019",
    address = "Florence, Italy",
    publisher = "Association for Computational Linguistics",
    url = "https://aclanthology.org/P19-1597",
    doi = "10.18653/v1/P19-1597",
    pages = "5952--5961",
}

@book{levy-newborn-1982,
	title = "All About Chess and Computers",
	author = "Levy, David  and
	  Newborn, Monroe",
	year = "1982",
	publisher = "Springer Berlin, Heidelberg",
	isbn = "978-3-642-85538-2",
	doi = "https://doi.org/10.1007/978-3-642-85538-2",
	url = "https://link.springer.com/book/10.1007/978-3-642-85538-2",
}